<?xml version="1.0" encoding="UTF-8"?><record xmlns="http://www.loc.gov/MARC21/slim" xmlns:cinclude="http://apache.org/cocoon/include/1.0" xmlns:zs="http://www.loc.gov/zing/srw/">
  <leader>05273cz  a2200469n  4500</leader>
  <controlfield tag="001">n  88085011 </controlfield>
  <controlfield tag="003">DLC</controlfield>
  <controlfield tag="005">20140130073955.0</controlfield>
  <controlfield tag="008">880908n| azannaabn          |a aaa     c</controlfield>
  <datafield tag="010" ind1=" " ind2=" ">
    <subfield code="a">n  88085011 </subfield>
  </datafield>
  <datafield tag="024" ind1="7" ind2=" ">
    <subfield code="a">39383419</subfield>
    <subfield code="2">viaf</subfield>
  </datafield>
  <datafield tag="035" ind1=" " ind2=" ">
    <subfield code="a">(OCoLC)oca02356294</subfield>
  </datafield>
  <datafield tag="040" ind1=" " ind2=" ">
    <subfield code="a">Uk/ESTC-NA</subfield>
    <subfield code="b">eng</subfield>
    <subfield code="e">rda</subfield>
    <subfield code="c">DLC</subfield>
    <subfield code="d">DLC</subfield>
    <subfield code="d">NN</subfield>
  </datafield>
  <datafield tag="046" ind1=" " ind2=" ">
    <subfield code="f">1720?</subfield>
    <subfield code="g">1800~</subfield>
    <subfield code="2">edtf</subfield>
  </datafield>
  <datafield tag="100" ind1="1" ind2=" ">
    <subfield code="a">Richard, Jérôme,</subfield>
    <subfield code="d">1720?-approximately 1800</subfield>
  </datafield>
  <datafield tag="370" ind1=" " ind2=" ">
    <subfield code="a">Dijon (France)</subfield>
    <subfield code="b">Paris (France)</subfield>
    <subfield code="f">Vézelay (France)</subfield>
    <subfield code="2">naf</subfield>
  </datafield>
  <datafield tag="372" ind1=" " ind2=" ">
    <subfield code="a">Clergy</subfield>
    <subfield code="a">French literature--18th century</subfield>
    <subfield code="2">lcsh</subfield>
  </datafield>
  <datafield tag="373" ind1=" " ind2=" ">
    <subfield code="a">Vézelay (Abbey)</subfield>
    <subfield code="a">Academie de Dijon</subfield>
    <subfield code="2">naf</subfield>
  </datafield>
  <datafield tag="374" ind1=" " ind2=" ">
    <subfield code="a">Clergy</subfield>
    <subfield code="a">Authors, French--18th century</subfield>
    <subfield code="2">lcsh</subfield>
  </datafield>
  <datafield tag="375" ind1=" " ind2=" ">
    <subfield code="a">male</subfield>
  </datafield>
  <datafield tag="377" ind1=" " ind2=" ">
    <subfield code="a">fre</subfield>
  </datafield>
  <datafield tag="400" ind1="1" ind2=" ">
    <subfield code="w">nnea</subfield>
    <subfield code="a">Richard,</subfield>
    <subfield code="c">M. l'abbé</subfield>
    <subfield code="q">(Jérôme)</subfield>
  </datafield>
  <datafield tag="400" ind1="1" ind2=" ">
    <subfield code="a">Richard,</subfield>
    <subfield code="c">abbé,</subfield>
    <subfield code="d">1720?-approximately 1800</subfield>
  </datafield>
  <datafield tag="400" ind1="1" ind2=" ">
    <subfield code="a">Richard, Jérémie,</subfield>
    <subfield code="d">1720?-approximately 1800</subfield>
  </datafield>
  <datafield tag="400" ind1="1" ind2=" ">
    <subfield code="a">R***,</subfield>
    <subfield code="c">cit.,</subfield>
    <subfield code="d">1720?-approximately 1800</subfield>
  </datafield>
  <datafield tag="400" ind1="1" ind2=" ">
    <subfield code="a">Richard, M. F.,</subfield>
    <subfield code="d">1720?-approximately 1800</subfield>
  </datafield>
  <datafield tag="667" ind1=" " ind2=" ">
    <subfield code="a">Data provided by the ESTC/BL</subfield>
  </datafield>
  <datafield tag="670" ind1=" " ind2=" ">
    <subfield code="a">His Histoire naturelle de l'air, 1771:</subfield>
    <subfield code="b">t.p. (M. l'abbé Richard)</subfield>
  </datafield>
  <datafield tag="670" ind1=" " ind2=" ">
    <subfield code="a">BN</subfield>
    <subfield code="b">(Richard, Abbé Jérôme)</subfield>
  </datafield>
  <datafield tag="670" ind1=" " ind2=" ">
    <subfield code="a">BnF, Jan. 27, 2014</subfield>
    <subfield code="b">(authorized access point: Richard, Jérôme (1720?-18..); born 1720? Dijon; language: French; translated from Ancient Greek; chanoine de Vézelay; scholar; member of the Institut de France, section zoology, elected in 1795 [perhaps confusion with L.C. Richard, a member of the Institut, section zoology; see Dictionnaire des journalistes]; form of name in BN Cat. gén.: Richard (Abbé Jérôme))</subfield>
  </datafield>
  <datafield tag="670" ind1=" " ind2=" ">
    <subfield code="a">Cioranescu, A. 18. s.</subfield>
    <subfield code="b">("Richard (Jérémie). De Dijon, chanoine de Vézelay"; list of works includes L'humanité ... par un aveugle Tartare, 1761, of which authorship is disputed, and Voyages chez les peuples sauvages, 1801)</subfield>
  </datafield>
  <datafield tag="670" ind1=" " ind2=" ">
    <subfield code="a">Dict. des lettres françaises, 18. s.</subfield>
    <subfield code="b">(Richard (abbé Jérôme), born Dijon approximately 1720, canon of Vézelay; after a long voyage in Italy, settled in Paris approximately 1766; member of the Institut de France, section zoology [perhaps confusion with L.C. Richard, a member of the Institut, section zoology; see Dictionnaire des journalistes]; list of works as in Cioranescu, except omits L'humanité)</subfield>
  </datafield>
  <datafield tag="670" ind1=" " ind2=" ">
    <subfield code="a">WBIS, Jan. 27, 2014</subfield>
    <subfield code="b">(Richard, Jérôme; male; died approximately 1800; clergyman, scholar)</subfield>
  </datafield>
  <datafield tag="670" ind1=" " ind2=" ">
    <subfield code="a">Deutsche Nationalbibliothek, Jan. 27, 2014</subfield>
    <subfield code="b">(Richard, Jérôme; died approximately 1800; born in Dijon. died in Paris; priest, scholar)</subfield>
  </datafield>
  <datafield tag="670" ind1=" " ind2=" ">
    <subfield code="a">IdRef, authorities for SUDOC, Jan. 29, 2014</subfield>
    <subfield code="b">(authorized access point: Richard, M. F. (1719-1799); source: Voyages chez les peuples sauvages, 1808)</subfield>
  </datafield>
  <datafield tag="670" ind1=" " ind2=" ">
    <subfield code="a">Voyages chez les peuples sauvages, 1801, via HathiTrust, Jan. 29, 2014:</subfield>
    <subfield code="b">title page (d'après des mémoires du cit. R***)</subfield>
  </datafield>
  <datafield tag="670" ind1=" " ind2=" ">
    <subfield code="a">Voyages chez les peuples sauvages, seconde édition, 1808, via HathiTrust, Jan. 29, 2014:</subfield>
    <subfield code="b">title page (par M.F. Richard)</subfield>
  </datafield>
  <datafield tag="670" ind1=" " ind2=" ">
    <subfield code="a">Barbier, A.A. Ouvrages anonymes,</subfield>
    <subfield code="b">v. 4, col. 1096 (Voyages chez les peuples sauvages, 1801, is by "Jérôme Richard, chanoine de Vézelay")</subfield>
  </datafield>
  <datafield tag="670" ind1=" " ind2=" ">
    <subfield code="a">Dictionnaire des journalistes, via WWW, Jan. 27, 2014</subfield>
    <subfield code="b">(Jérôme Richard (?-1800); do not confuse with Jérémie Richard (Cioranescu 18) nor with the zoologist Louis Claude Richard; born Dijon, died Paris approximately 1800; priest in Dijon, then chaplain in Chanceaux and canon of the chapter of Vézelay; member of the Académie de Dijon, June 12, 1750; secretary of the Academy, 1753-1763; tutor of the son of Bourbonne, a judge of the Parlement de Dijon; traveled with his pupil to Italy; involvement in a scandal in 1763 interrupted his career and he retired to the country; list of works as in Cioranescu, except omits L'humanité)</subfield>
    <subfield code="u">http://dictionnaire-journalistes.gazettes18e.fr/journaliste/686-jerome-richard</subfield>
  </datafield>
  <datafield tag="670" ind1=" " ind2=" ">
    <subfield code="a">Grimm, F. M. La correspondance littéraire 1er janvier-15 juin 1761, edited and annotated by Ulva Kölving, 1978:</subfield>
    <subfield code="b">v. 1, page 86 (in Grimm's report dated May 1, 1763, the play "L'humanité ... par un aveugle Tartare" is ascribed to "un certain M. l'abbé Richard") v. 2, pages 136-137 (Kölving notes that this attribution is confirmed by Heméry's journal for April 16, 1763, giving the author as "l'abbé Richard, précepteur des enfants de Pierre-Daniel Bourré, baron de Corberon," a judge of the Parlement de Paris. Richard is not further identified with certainty; possibly Jérôme Richard, born in Dijon approximately 1720, canon of Vézelay and member of the Académie de Dijon since 1750, but he is not known to have resided in Paris)</subfield>
  </datafield>
  <datafield tag="670" ind1=" " ind2=" ">
    <subfield code="a">VIAF, Jan. 29, 2014</subfield>
    <subfield code="b">(authorized access points: Richard, Jérôme: Library Network of Western Switzerland; Richard, Jérôme, 1770 fl.: National Library of the Netherlands; Richard, Jérôme -1800: German National Library; Richard, M. F., 1719-1799: NUKAT Center of Warsaw University Library, Sudoc, France; Richard, Jérôme 1720?-18..: National Library of France; Richard, M. l'abbé (Jérôme): LC/NACO; Richard, Jerôme, c. 1720-: Vatican Library)</subfield>
  </datafield>
  <datafield tag="675" ind1=" " ind2=" ">
    <subfield code="a">L'humanité, ou Le tableau de l'indigence, triste drame, par un aveugle Tartare, 1761, online via Gallica, Jan. 23, 2014)</subfield>
  </datafield>
</record>